@article{CW,
    author = "G. Clarke and J.W. Wright",
    title = "Scheduling of vehicles from a central depot to a number of delivery points",
    journal = "Operations Research",
    volume = 12,
    number = 4,
    pages = "568--581",
    year = 1962
}
